<record><leader>00000cas a22000007a 4500</leader><controlfield tag="001">12874486</controlfield><controlfield tag="008">851205d18301833pauwr ne      0    0eng d</controlfield><datafield ind1=" " ind2=" " tag="010"><subfield code="a">sn 85055249 </subfield></datafield><datafield ind1=" " ind2=" " tag="040"><subfield code="a">NPH</subfield><subfield code="b">eng</subfield><subfield code="c">NPH</subfield><subfield code="d">CNK</subfield><subfield code="d">OCLCQ</subfield></datafield><datafield ind1=" " ind2=" " tag="042"><subfield code="a">msc</subfield></datafield><datafield ind1="0" ind2="4" tag="245"><subfield code="a">The Lewisburg journal.</subfield></datafield><datafield ind1=" " ind2=" " tag="260"><subfield code="a">Lewisburg, Pa. :</subfield><subfield code="b">Daniel Gotshall,</subfield><subfield code="c">1830-</subfield></datafield><datafield ind1=" " ind2=" " tag="300"><subfield code="a">v. ;</subfield><subfield code="c">49 cm.</subfield></datafield><datafield ind1=" " ind2=" " tag="310"><subfield code="a">Weekly</subfield></datafield><datafield ind1="0" ind2=" " tag="362"><subfield code="a">Vol. 1, no. 1 (May 1, 1830)-</subfield></datafield><datafield ind1="1" ind2=" " tag="362"><subfield code="a">Ceased in Feb. 1833.</subfield><subfield code="z">Cf. Union County's heritage, 1968.</subfield></datafield><datafield ind1=" " ind2=" " tag="580"><subfield code="a">Continues: Union hickory. Cf. Union County's heritage, 1968.</subfield></datafield><datafield ind1=" " ind2=" " tag="580"><subfield code="a">Continued by: Lewisburg journal and Union County advocate. Cf. Union County's heritage, 1968.</subfield></datafield><datafield ind1=" " ind2=" " tag="752"><subfield code="a">United States</subfield><subfield code="b">Pennsylvania</subfield><subfield code="c">Union</subfield><subfield code="d">Lewisburg.</subfield></datafield><datafield ind1="1" ind2="0" tag="780"><subfield code="t">Union hickory</subfield><subfield code="w">(DLC)sn 85055255</subfield></datafield><datafield ind1="1" ind2="0" tag="785"><subfield code="t">Lewisburg journal and Union County advocate</subfield><subfield code="w">(DLC)sn 85055250</subfield></datafield></record>